<record><leader>00000cas a22000007a 4500</leader><controlfield tag="001">13085041</controlfield><controlfield tag="008">860130d18971917inuwr ne      0    0eng d</controlfield><datafield ind1=" " ind2=" " tag="010"><subfield code="a">sn 86058225 </subfield></datafield><datafield ind1=" " ind2=" " tag="040"><subfield code="a">NPI</subfield><subfield code="b">eng</subfield><subfield code="c">NPI</subfield><subfield code="d">OCLCQ</subfield></datafield><datafield ind1=" " ind2=" " tag="042"><subfield code="a">msc</subfield></datafield><datafield ind1="0" ind2=" " tag="130"><subfield code="a">Richmond sun. Telegram (Richmond, Ind. : 1897 : Weekly)</subfield></datafield><datafield ind1="1" ind2="4" tag="245"><subfield code="a">The Richmond sun. Telegram.</subfield></datafield><datafield ind1=" " ind2=" " tag="260"><subfield code="a">Richmond, Ind. :</subfield><subfield code="b">[s.n.],</subfield><subfield code="c">1897-</subfield></datafield><datafield ind1=" " ind2=" " tag="300"><subfield code="a">v. :</subfield><subfield code="b">ill. ;</subfield><subfield code="c">55 cm.</subfield></datafield><datafield ind1=" " ind2=" " tag="310"><subfield code="a">Weekly</subfield></datafield><datafield ind1="0" ind2=" " tag="362"><subfield code="a">Vol. 17, no. 33 (May 20, 1897)-</subfield></datafield><datafield ind1="1" ind2=" " tag="362"><subfield code="a">Ceased in 1917?</subfield></datafield><datafield ind1=" " ind2=" " tag="580"><subfield code="a">Formed by the merger of: Richmond weekly telegram (Richmond, Ind. :1885), Richmond independent, and Richmond sun.</subfield></datafield><datafield ind1=" " ind2=" " tag="580"><subfield code="a">From 1907- published as weekly edition of: Richmond palladium and sun-telegram.</subfield></datafield><datafield ind1=" " ind2=" " tag="752"><subfield code="a">United States</subfield><subfield code="b">Indiana</subfield><subfield code="c">Wayne</subfield><subfield code="d">Richmond.</subfield></datafield><datafield ind1="1" ind2=" " tag="775"><subfield code="t">Richmond palladium and sun-telegram</subfield><subfield code="w">(DLC)sn 86058226</subfield></datafield><datafield ind1="1" ind2="4" tag="780"><subfield code="t">Richmond weekly telegram (Richmond, Ind. : 1885)</subfield><subfield code="w">(DLC)sn 86058211</subfield></datafield><datafield ind1="1" ind2="4" tag="780"><subfield code="t">Richmond independent</subfield><subfield code="w">(DLC)sn 84027557</subfield></datafield><datafield ind1="1" ind2="4" tag="780"><subfield code="t">Richmond sun</subfield><subfield code="w">(DLC)sn 86058215</subfield></datafield></record>